@misc {
  LatexWiki,
  title = {LaTeX},
  organization = {Wikimedia Inc},
  howpublished = "wikipedia.org",
  url = "https://es.wikipedia.org/wiki/LaTeX"
}
