@Book{Goodfellow2016,
  Title                    = {Deep Learning},
  Author                   = {Ian J. Goodfellow and Yoshua Bengio and Aaron Courville},
  Publisher                = {MIT Press},
  Year                     = {2016},

  Address                  = {Cambridge, MA, USA},
  Note                     = {\url{http://www.deeplearningbook.org}}
}

@misc{arvelo2020, 
  Title  = {Aplicación Web para diagnóstico de glaucoma basado en Deep Learning a partir de la recopilación de imágenes de retina},
  howpublished={Memoria del trabajo de fin de grado correspondiente a la titulaci\'on: Grado en Ingenier\'ia Inform\'atica de la Universidad de La Laguna:\url{https://riull.ull.es/xmlui/handle/915/21337}}, 
  Author={Arvelo García, Carlos}, 
  Year={2020},
  School={Universidad de La Laguna}
} 
 @article{conner-simons_2017, title={Using artificial intelligence to improve early breast cancer detection}, url={https://news.mit.edu/2017/artificial-intelligence-early-breast-cancer-detection-1017}, journal={https://news.mit.edu/}, author={Conner-Simons, Adam}, year={2017}, month={Oct}} 

 @article{sprockel2014, title={Redes neuronales en el diagnóstico del infarto agudo de miocardio}, volume={21}, DOI={10.1016/j.rccar.2013.10.001}, number={4}, journal={Revista Colombiana de Cardiología}, author={Sprockel, John J. and Diaztagle, Juan J. and Alzate, Wilson and González, Enrique}, year={2014}, pages={215–223}} 
 
@article{alayon2020, 
title={RIM-ONE DL: A Unified Retinal Image Database for Assessing Glaucoma Using Deep Learning}, volume={39}, 
ISSN={1854-5165}, DOI={10.5566/IAS.2346}, number={3}, journal={Image Analysis \& Stereology}, author={Alayon, Silvia and Diaz-Aleman, Tinguaro and Angel-Pereira, Denisse and Sigut, Jose and Arnay, Rafael and Fumero Batista, Francisco-Jose}, year={2020}, pages={161-167} }

@article{diazaleman2021,
title={Analisis de la capa de celulas ganglionares con deep learning en el diagnostico de glaucoma}, volume={96}, ISSN={0365-6691}, DOI={10.1016/j.oftal.2020.09.010}, number={4}, journal={Archivos de la Sociedad Española de Oftalmologia}, publisher={Elsevier}, author={Diaz Aleman, Valentin-Tinguaro and Fumero, F.J. and Alayon Miranda, Silvia and Angel Pereira, Denisse and Arteaga Hernandez, V. and Sigut Saavedra, Jose-Francisco}, year={2021}, pages={181-188} }

@misc{Typescript,
  title = {Typescript website},
  author = {Typescript},
  year = {2012},
  howpublished = {\url{https://www.typescriptlang.org/}},
  note = {Accessed: 2022-06-10}
}

@misc{React,
  title = {React website},
  author ={React},
  year = {2012},
  howpublished = {\url{https://es.reactjs.org/}},
  note = {Accessed: 2022-06-10}
}

@misc{Auth0,
  title = {Auth0 website},
  author ={Auth0},
  year = {2020},
  howpublished = {\url{https://auth0.com/}},
  note = {Accessed: 2022-06-10}
}

 @misc{postgresql_2022, 
  title={PostgreSQL Website}, 
  author={PostgreSQL}, 
  howpublished = {\url{https://www.postgresql.org/}},
  year={1996},
  note = {Accessed: 2022-06-10}
 } 

@misc{Flask,
  title = {Documentaci\'on de Flask online},
  author ={Flask},
  year = {2010},
  howpublished = {\url{https://flask.palletsprojects.com/en/2.1.x/}},
  note = {Accessed: 2022-06-10}
}

@misc{Docker,
  title = {Web de Docker},
  author ={Docker},
  year = {2013},
  howpublished = {\url{docker.com}},
  note = {Accessed: 2022-06-10}
}

@misc{mongoDb,
  title = {Web de MongoDB},
  author ={MongoDB},
  year = {2009},
  howpublished = {\url{https://www.mongodb.com/es}},
  note = {Accessed: 2022-06-10}
}

@misc{tensorflow2015,
title={ {TensorFlow}: Large-Scale Machine Learning on Heterogeneous Systems},
url={https://www.tensorflow.org/},
note={Software available from tensorflow.org},
author={
    Mart\'{i}n~Abadi and
    Ashish~Agarwal and
    Paul~Barham and
    Eugene~Brevdo and
    Zhifeng~Chen and
    Craig~Citro and
    Greg~S.~Corrado and
    Andy~Davis and
    Jeffrey~Dean and
    Matthieu~Devin and
    Sanjay~Ghemawat and
    Ian~Goodfellow and
    Andrew~Harp and
    Geoffrey~Irving and
    Michael~Isard and
    Yangqing Jia and
    Rafal~Jozefowicz and
    Lukasz~Kaiser and
    Manjunath~Kudlur and
    Josh~Levenberg and
    Dandelion~Man\'{e} and
    Rajat~Monga and
    Sherry~Moore and
    Derek~Murray and
    Chris~Olah and
    Mike~Schuster and
    Jonathon~Shlens and
    Benoit~Steiner and
    Ilya~Sutskever and
    Kunal~Talwar and
    Paul~Tucker and
    Vincent~Vanhoucke and
    Vijay~Vasudevan and
    Fernanda~Vi\'{e}gas and
    Oriol~Vinyals and
    Pete~Warden and
    Martin~Wattenberg and
    Martin~Wicke and
    Yuan~Yu and
    Xiaoqiang~Zheng},
  year={2015},
}

@misc{chollet2015,
  title={Keras},
  author={Chollet, Francois and others},
  year={2015},
  publisher={GitHub},
  howpublished={\url{https://github.com/fchollet/keras}},
}